<?xml version="1.0" encoding="UTF-8"?><collection xmlns="http://www.loc.gov/MARC21/slim"><record><leader>00396nam--2200133-i-4500</leader><controlfield tag="001">000039595</controlfield><controlfield tag="002">20161230</controlfield><controlfield tag="005">20161230201042</controlfield><controlfield tag="008">060222s1000------------r-----000-0-eng-d</controlfield><datafield ind1=" " ind2=" " tag="080"><subfield code="a">621.375.826</subfield></datafield><datafield ind1=" " ind2=" " tag="100"><subfield code="a">Rosenberger, D</subfield></datafield><datafield ind1=" " ind2=" " tag="245"><subfield code="a">Technische anwendungen des lasers. unter mitarbeit von e.klement, u.kopf, m.lang, g.rauscher</subfield></datafield><datafield ind1=" " ind2=" " tag="260"><subfield code="a">Berlin, Springer-verlag, 1975, Xi + 355p</subfield></datafield><datafield ind1=" " ind2=" " tag="852"><subfield code="a">43203</subfield></datafield></record></collection>